@inproceedings{isem2011mendesetal,
title = {DBpedia Spotlight: Shedding Light on the Web of Documents},
author = {Pablo N. Mendes and Max Jakob and Andres Garcia-Silva and Christian Bizer},
year = {2011},
booktitle = {Proceedings of the 7th International Conference on Semantic Systems (I-Semantics)},
abstract = {Interlinking text documents with Linked Open Data enables the Web of Data to be used as background knowledge within document-oriented applications such as search and faceted browsing. As a step towards interconnecting the Web of Documents with the Web of Data, we developed DBpedia Spotlight, a system for automatically annotating text documents with DBpedia URIs. DBpedia Spotlight allows users to configure the annotations to their specific needs through the DBpedia Ontology and quality measures such as prominence, topical pertinence, contextual ambiguity and disambiguation confidence. We compare our approach with the state of the art in disambiguation, and evaluate our results in light of three baselines and six publicly available annotation systems, demonstrating the competitiveness of our system. DBpedia Spotlight is shared as open source and deployed as a Web Service freely available for public use.}
}

@inproceedings{isem2013daiber,
  title = {Improving Efficiency and Accuracy in Multilingual Entity Extraction},
  author = {Joachim Daiber and Max Jakob and Chris Hokamp and Pablo N. Mendes},
  year = {2013},
  booktitle = {Proceedings of the 9th International Conference on Semantic Systems (I-Semantics)}
}

@article{DBLP:journals/pdln/PortelaG16,
  author    = {{Solla Portela}, Miguel Anxo and
               {G{\'o}mez Guinovart}, Xavier},
  title     = {DBpedia del gallego: recursos y aplicaciones en procesamiento del
               lenguaje},
  journal   = {Procesamiento del Lenguaje Natural},
  volume    = {57},
  pages     = {139--142},
  year      = {2016},
  url       = {http://journal.sepln.org/sepln/ojs/ojs/index.php/pln/article/view/5347},
  timestamp = {Fri, 09 Sep 2016 17:23:22 +0200},
  biburl    = {http://dblp.uni-trier.de/rec/bib/journals/pdln/PortelaG16},
  bibsource = {dblp computer science bibliography, http://dblp.org}
}

	@ARTICLE{LM09,
author = {{G{\'o}mez Guinovart}, Xavier and {L\'opez Fern\'andez}, Susana},
	title = {Anotaci\'on morfosint\'actica do {Corpus T\'ecnico do Galego}},
    journal = {Linguam\'atica},
   year = 2009,
  volume = {1}, 
  number = {1},
    pages = {61--71}
}

@article{DBLP:journals/pdln/BelGI16,
  author    = {N{\'{u}}ria Bel and
               Elena Gonz{\'{a}}lez{-}Blanco and
               Mikel Iruskieta},
  title     = {{CLARIN} Centro-K-espa{\~{n}}ol},
  journal   = {Procesamiento del Lenguaje Natural},
  volume    = {57},
  pages     = {151--154},
  year      = {2016},
  url       = {http://journal.sepln.org/sepln/ojs/ojs/index.php/pln/article/view/5350},
  timestamp = {Fri, 09 Sep 2016 17:23:22 +0200},
  biburl    = {http://dblp.dagstuhl.de/rec/bib/journals/pdln/BelGI16},
  bibsource = {dblp computer science bibliography, http://dblp.org}
}

@LanguageResource{sli-nerc,
    author = "{TALG Research Group}",
    title = "SLI NERC Galician Gold CoNLL",
    publisher = "University of Vigo",
    year = "2018",
    series = "SLI resources",
    edition = "1.0",
    islrn = "435-026-256-395-4"
}

@LanguageResource{ctg,
    author = "{TALG Research Group}",
    title = "CTG Corpus [Galician Technical Corpus]",
    publisher = "University of Vigo",
    year = "2016",
    series = "SLI resources",
    edition = "1.0",
    islrn = "437-045-879-366-6"
}

@Article{gamalloetal,
  author =       {Pablo Gamallo and Marcos Garcia},
  title =        {LinguaKit: uma ferramenta multilingue para a an{\'{a}}lise lingu{\'{i}}stica e a extra{\c{c}}{\~{a}}o de informa{\c{c}}{\~{a}}o},
  journal =      {Linguam{\'{a}}tica},
  year =         {2017},
  volume =       {9},
  number =       {1},
  pages =        {19--28},
  url =          {http://linguamatica.com/index.php/linguamatica/article/view/v9n1p2},
  doi =          {10.21814/lm.9.1.243}
}

@inproceedings{padro12,
author="Llu{\'{i}}s Padr{\'{o}} and Evgeny Stanilovsky",
title="FreeLing 3.0: Towards Wider Multilinguality",
booktitle="Proceedings of the Language Resources and Evaluation Conference (LREC 2012)",
organization="ELRA",
address="Istanbul, Turkey",
year="2012"}

@inproceedings{agerri2014ixa,
  title={{IXA pipeline: Efficient and ready to Use multilingual NLP tools}},
  author={Agerri, Rodrigo and Bermudez, Josu and Rigau, German},
  booktitle={Proceedings of the Language Resources and Evaluation Conference (LREC 2014)},
  organization="ELRA",
  pages={3823--3828},
  year={2014}
}
